@ARTICLE {mathewpenrose2003,
    author  = "Mathew Penrose",
    title   = "Random Geometric Graphs",
    journal = "Oxford Studies in Probability",
    year    = "2003",
    volume  = "5"
}

@article{worm,
  author={Maziar Nekovee},
  title={Worm epidemics in wireless ad hoc networks},
  journal={New Journal of Physics},
  volume={9},
  number={6},
  pages={189},
  url={http://stacks.iop.org/1367-2630/9/i=6/a=189},
  year={2007},
}

@article{doylesnell,
  author={P.~G. Doyle and J.~L. Snell},
  title={Random walks and electric networks},
  journal={Carus Mathematical Monographs},
  volume={22},
  url={https://arxiv.org/abs/math/0001057},
  year={1984},
}

@article{prefatt,
  doi = {10.1126/science.286.5439.509},
  url = {https://doi.org/10.1126%2Fscience.286.5439.509},
  year  = {1999},
  month = {oct},
  publisher = {American Association for the Advancement of Science ({AAAS})},
  volume = {286},
  number = {5439},
  pages = {509--512},
  author = {Albert-L{\'a}szl{\'o} Barab{\'a}si and R{\'e}ka Albert},
  title = {Emergence of Scaling in Random Networks},
  journal = {Science}
}

@article{cumadv,
  doi = {10.1126/science.149.3683.510},
  url = {https://doi.org/10.1126%2Fscience.149.3683.510},
  year  = {1965},
  month = {jul},
  publisher = {American Association for the Advancement of Science ({AAAS})},
  volume = {149},
  number = {3683},
  pages = {510--515},
  author = {D. J. de Solla Price},
  title = {Networks of Scientific Papers},
  journal = {Science}
}

@article{Newman2003,
  doi = {10.1137/s003614450342480},
  url = {https://doi.org/10.1137%2Fs003614450342480},
  year  = {2003},
  month = {jan},
  publisher = {Society for Industrial {\&} Applied Mathematics ({SIAM})},
  volume = {45},
  number = {2},
  pages = {167--256},
  author = {M.~E.~J. Newman},
  title = {The Structure and Function of Complex Networks},
  journal = {{SIAM} Review}
}

@article{bollobas,
  doi = {10.1002/rsa.1009},
  url = {https://doi.org/10.1002%2Frsa.1009},
  year  = {2001},
  month = {apr},
  publisher = {Wiley-Blackwell},
  volume = {18},
  number = {3},
  pages = {279--290},
  author = {B{\textasciiacute}ela Bollob{\'{a}}s and Oliver Riordan and Joel Spencer and G{\'{a}}bor Tusn{\'{a}}dy},
  title = {The degree sequence of a scale-free random graph process},
  journal = {Random Structures {\&} Algorithms}
}

@article{fotouhi,
  doi = {10.1140/epjb/e2013-40920-6},
  url = {https://doi.org/10.1140%2Fepjb%2Fe2013-40920-6},
  year  = {2013},
  month = {dec},
  publisher = {Springer Nature},
  volume = {86},
  number = {12},
  author = {Babak Fotouhi and Michael G. Rabbat},
  title = {Degree correlation in scale-free graphs},
  journal = {The European Physical Journal B}
}

@article{molloy95,
  doi = {10.1002/rsa.3240060204},
  url = {https://doi.org/10.1002%2Frsa.3240060204},
  year  = {1995},
  month = {mar},
  publisher = {Wiley-Blackwell},
  volume = {6},
  number = {2-3},
  pages = {161--180},
  author = {Michael Molloy and Bruce Reed},
  title = {A critical point for random graphs with a given degree sequence},
  journal = {Random Structures {\&} Algorithms}
}

@article{molloy98,
  doi = {10.1017/s0963548398003526},
  url = {https://doi.org/10.1017%2Fs0963548398003526},
  year  = {1998},
  month = {sep},
  publisher = {Cambridge University Press ({CUP})},
  volume = {7},
  number = {3},
  pages = {295--305},
  author = {Michael Molloy and Bruce Reed},
  title = {The Size of the Giant Component of a Random Graph with a Given Degree Sequence},
  journal = {Combinatorics,  Probability and Computing}
}

@article{newman01,
  doi = {10.1103/physreve.64.026118},
  url = {https://doi.org/10.1103%2Fphysreve.64.026118},
  year  = {2001},
  month = {jul},
  publisher = {American Physical Society ({APS})},
  volume = {64},
  number = {2},
  author = {M. E. J. Newman and S. H. Strogatz and D. J. Watts},
  title = {Random graphs with arbitrary degree distributions and their applications},
  journal = {Physical Review E}
}

@book{wilf,
  Author = {Herbert S. Wilf},
  Title = {generatingfunctionology: Third Edition},
  Publisher = {A.~K. Peters/CRC Press},
  Year = {2005},
  ISBN = {9781568812793}
}

@InProceedings{networkx,
  author    = {Aric A. Hagberg and Daniel A. Schult and Pieter J. Swart},
  title     = {Exploring Network Structure, Dynamics, and Function using NetworkX},
  booktitle = {Proceedings of the 7th Python in Science Conference},
  pages     = {11 - 15},
  address   = {Pasadena, CA USA},
  year      = {2008},
  editor    = {Ga{\"e}l Varoquaux and Travis Vaught and Jarrod Millman},
}

@article{tarjan1,
  doi       = {10.1145/322154.322161},
  url       = {https://doi.org/10.1145%2F322154.322161},
  year      = {1979},
  month     = {oct},
  publisher = {Association for Computing Machinery ({ACM})},
  volume    = {26},
  number    = {4},
  pages     = {690--715},
  author    = {Robert Endre Tarjan},
  title     = {Applications of Path Compression on Balanced Trees},
  journal   = {Journal of the {ACM}}
}

@inproceedings{tarjan2,
  doi       = {10.1145/800061.808753},
  url       = {https://doi.org/10.1145%2F800061.808753},
  year      = {1983},
  publisher = {Association for Computing Machinery ({ACM})},
  author    = {Harold N. Gabow and Robert Endre Tarjan},
  title     = {A linear-time algorithm for a special case of disjoint set union},
  booktitle = {Proceedings of the fifteenth annual {ACM} symposium on Theory of computing  - {STOC} 1983}
}

@Misc{scipy,
  author = {Eric Jones and Travis Oliphant and Pearu Peterson and others},
  title  = {{SciPy}: Open source scientific tools for {Python}},
  year   = {2001--},
  url    = "http://www.scipy.org/",
  note   = {[Online; accessed 2017-02-01]}
}

@Misc{thesourcecode,
  author = {Charles Windolf},
  title  = {Latent Structure Random Graphs},
  url    = {https://github.com/cwindolf/capstone},
  note   = {Source code for figures appearing in this paper, available at \url{https://github.com/cwindolf/capstone}.}
}

@article{GrisiFilho2013,
  doi = {10.1155/2013/234180},
  url = {https://doi.org/10.1155%2F2013%2F234180},
  year  = {2013},
  publisher = {Hindawi Publishing Corporation},
  volume = {2013},
  pages = {1--9},
  author = {Jos{\'{e}} H. H. Grisi-Filho and Raul Ossada and Fernando Ferreira and Marcos Amaku},
  title = {Scale-Free Networks with the Same Degree Distribution: Different Structural Properties},
  journal = {Physics Research International}
}

@article{Dommers2010,
  doi = {10.1007/s10955-010-9921-z},
  url = {https://doi.org/10.1007%2Fs10955-010-9921-z},
  year  = {2010},
  month = {jan},
  publisher = {Springer Nature},
  volume = {139},
  number = {1},
  pages = {72--107},
  author = {Sander Dommers and Remco van~der Hofstad and Gerard Hooghiemstra},
  title = {Diameters in Preferential Attachment Models},
  journal = {Journal of Statistical Physics}
}

@article{hofstad05,
  url = {https://arxiv.org/abs/math/0502581},
  year = {2005},
  month = {feb},
  publisher = {arXiv:math},
  author = {Remco van der Hofstad and Gerard Hooghiemstra and Dmitri Znamenski},
  title = {Distances in random graphs with finite mean and infinite variance degrees}
}


